@article{Sana2011,
    title = {{A case study of the introductory psychology blended learning model at McMaster University}},
    year = {2011},
    journal = {The Canadian Journal for the Scholarship of Teaching and Learning},
    author = {Sana, Faria and Fenesi, Barbara and Kim, Joseph},
    number = {1},
    volume = {2},
    doi = {10.5206/cjsotl-rcacea.2011.1.6},
    issn = {19182902},
    keywords = {active learning, blended learning, learner-based, online learning, post-secondary education}
}

@inproceedings{Serrano-Laguna2015,
    title = {{A game engine to learn computer science languages}},
    year = {2015},
    booktitle = {Proceedings - Frontiers in Education Conference, FIE},
    author = {Serrano-Laguna, Angel and Torrente, Javier and Manero, Borja and Fernandez-Manjon, Baltasar},
    number = {February},
    volume = {2015-Febru},
    isbn = {978-1-4799-3922-0},
    doi = {10.1109/FIE.2014.7044112},
    issn = {15394565},
    keywords = {Application software, Computer programming, Educational technology, Educational videogames, Software architecture}
}

@article{Yager1990,
    title = {{A Model of Participatory Learning}},
    year = {1990},
    journal = {IEEE Transactions on Systems, Man and Cybernetics},
    author = {Yager, Ronald R.},
    number = {5},
    pages = {1229--1234},
    volume = {20},
    url = {http://ieeexplore.ieee.org/stamp/stamp.jsp?arnumber=59986},
    doi = {10.1109/21.59986},
    issn = {21682909}
}

@article{Mahamuni2015,
    title = {{A Simplified Approach for Making Human Values Central to Interaction Design}},
    year = {2015},
    journal = {Procedia Manufacturing / AHFE 2015},
    author = {Mahamuni, Ravi and Kalyani, Kejul and Yadav, Piyush},
    number = {Ahfe},
    pages = {874--881},
    volume = {3},
    url = {http://www.sciencedirect.com/science/article/pii/S2351978915003455},
    doi = {http://dx.doi.org/10.1016/j.promfg.2015.07.344},
    issn = {2351-9789},
    keywords = {HCI, Human Values, Humans, Interface design, Values in design}
}

@misc{Mills2016,
    title = {{Accessibility}},
    year = {2016},
    booktitle = {MDN - Learn Web Development},
    author = {Mills, Chris and Schliesser, Charlie},
    url = {https://developer.mozilla.org/en-US/docs/Learn/Accessibility}
}

@misc{Magnisalis2011,
    title = {{Adaptive and intelligent systems for collaborative learning support: A review of the field}},
    year = {2011},
    booktitle = {IEEE Transactions on Learning Technologies},
    author = {Magnisalis, Ioannis and Demetriadis, Stavros and Karakostas, Anastasios},
    number = {1},
    pages = {5--20},
    volume = {4},
    isbn = {1939-1382},
    doi = {10.1109/TLT.2011.2},
    issn = {19391382},
    keywords = {Adaptive collaborative learning support, adaptive hypermedia, collaborative learning, intelligent support systems}
}

@misc{CinYeeHoo,
    title = {{As school budgets continue to be stretched, technical innovation in the classroom is more important than ever}},
    year = {2017},
    booktitle = {The Telegraph},
    author = {Ho, Cin-Yee},
    month = {3},
    url = {http://www.telegraph.co.uk/education/2017/03/21/school-budgets-continue-stretched-technical-innovation-classroom/}
}

@misc{Venkatakrishnan2012,
    title = {{Bayesian tomographic reconstruction for high angle annular dark field (HAADF) scanning transmission electron microscopy (STEM)}},
    year = {2012},
    booktitle = {2012 IEEE Statistical Signal Processing Workshop, SSP 2012},
    author = {Venkatakrishnan, Singanallur and Drummy, Lawrence and Jackson, Michael and De Graef, Marc and Simmons, Jeff and Bouman, Charles},
    number = {1},
    pages = {680--683},
    volume = {51},
    url = {http://ieeexplore.ieee.org/xpl/articleDetails.jsp?arnumber=1443594},
    isbn = {9781467301831},
    doi = {10.1109/SSP.2012.6319793},
    issn = {0018-9448},
    keywords = {Bayesian, Electron tomography, dark-field, methods}
}

@misc{Chat2014,
    title = {{Blended Learning - What ' s all the Hype About ?}},
    year = {2014},
    booktitle = {Blended Learning: Across the Disciplines, Across the Academy},
    author = {S. Glazer, Francine},
    url = {http://postdocs.stanford.edu/education/PDFs/2013-14_PDAC4.pdf}
}

@inproceedings{Hatziapostolou2014,
    title = {{Boosting the pedagogical value of classroom clicker systems via the provision of formative feedback}},
    year = {2014},
    booktitle = {Proceedings - IEEE 14th International Conference on Advanced Learning Technologies, ICALT 2014},
    author = {Hatziapostolou, Thanos and Pupovci, Tomor and Dranidis, Dimitris and Paraskakis, Iraklis and Ntika, Marina},
    pages = {165--167},
    isbn = {9781479940387},
    doi = {10.1109/ICALT.2014.56},
    keywords = {classroom response systems, clickers, formative feedback, student engagement, technology-enhanced learning}
}

@article{Oliver2005,
    title = {{Can 'blended learning' be redeemed?}},
    year = {2005},
    journal = {E-Learning},
    author = {Oliver, Martin and Trigwell, Keith},
    number = {1},
    pages = {17--26},
    volume = {2},
    url = {http://www.wwwords.co.uk/rss/abstract.asp?j=elea&aid=2227&doi=1},
    isbn = {2042-7530},
    doi = {10.2304/elea.2005.2.1.2},
    issn = {1741-8887}
}

@misc{Stuart2014,
    title = {{Coding at school: a parent's guide to England's new computing curriculum}},
    year = {2014},
    booktitle = {The Guardian},
    author = {Stuart, Dredge},
    month = {9},
    url = {https://www.theguardian.com/technology/2014/sep/04/coding-school-computing-children-programming}
}

@misc{Jessica2012,
    title = {{Computer science in schools: they do a better job in Scotland}},
    year = {2012},
    booktitle = {The Guardian},
    author = {Jessica, Shephed},
    month = {1},
    url = {https://www.theguardian.com/education/2012/jan/10/computer-science-in-schools-scotland}
}

@article{Education2013a,
    title = {{Computing programmes of study: key stages 3 and 4 National curriculum in England}},
    year = {2013},
    author = {Education, Department of},
    number = {September 2013},
    pages = {3--5},
    url = {https://www.gov.uk/government/uploads/system/uploads/attachment_data/file/239067/SECONDARY_national_curriculum_-_Computing.pdf}
}

@article{Hills2015,
    title = {{Crowdsourcing content creation in the classroom}},
    year = {2015},
    journal = {Journal of Computing in Higher Education},
    author = {Hills, Thomas T.},
    number = {1},
    pages = {47--67},
    volume = {27},
    isbn = {1042-1726},
    doi = {10.1007/s12528-015-9089-2},
    issn = {18671233},
    keywords = {Communities of practice, Crowdsourcing, Learned-centered education, Project-based learning, Student as producer}
}

@misc{Mills,
    title = {{CSS and JavaScript accessibility best practices}},
    year = {2016},
    booktitle = {MDN - Learn Web Development},
    author = {Mills, Chris and Lipautz, Christoph},
    url = {https://developer.mozilla.org/en-US/docs/Learn/Accessibility/CSS_and_JavaScript}
}

@misc{ApacheFriends.org,
    title = {{Developing a PHP application on XAMPP-VM for OS X}},
    booktitle = {Blog},
    author = {{ApacheFriends.org}},
    url = {https://www.apachefriends.org/blog/xampp_vm_cakephp_20170711.html}
}

@misc{Ebling2015,
    title = {{Digitally Enhanced Learning?}},
    year = {2015},
    booktitle = {IEEE Pervasive Computing},
    author = {Ebling, Maria R.},
    number = {3},
    pages = {2--4},
    volume = {14},
    isbn = {1536-1268 VO - 14},
    doi = {10.1109/MPRV.2015.52},
    issn = {15361268},
    keywords = {Smart pens, education, pervasive computing, smart boards}
}

@misc{Project2009,
    title = {{Doctoral Programme in Biotechnology}},
    year = {2009},
    author = {Project, Andre PhD},
    pages = {1--27},
    volume = {592685},
    url = {https://www.lancaster.ac.uk/media/lancaster-university/content-assets/documents/educational-research/Enquiry_handbook.pdf}
}

@misc{UniversityofBristola,
    title = {{Download the University Logo}},
    author = {{University of Bristol}}
}

@misc{JudithBurns2016,
    title = {{education-35890450 @ www.bbc.co.uk}},
    year = {2016},
    booktitle = {BBC},
    author = {{Judith Burns}},
    month = {4},
    url = {http://www.bbc.co.uk/news/education-35890450}
}

@article{Fogg1999,
    title = {{Elements of computer credibility}},
    year = {1999},
    journal = {Conference on Human Factors in Computing Systems - Proceedings},
    author = {Fogg, B J and Tseng, Hsiang and Hall, Cordura and Drive, Harbor},
    number = {May},
    pages = {80--87},
    isbn = {0201485591},
    doi = {10.1145/302979.303001},
    issn = {0201485591},
    keywords = {Captology, Computer credibility, Computer systems, Expertise, Human computer interaction, Human engineering, Influence, Information quality, Persuasion, Psychology of HCI, Reliability, Research, Trust, Trustworthiness, as believability, credibility, credibility can be defined, credible people are believable, people, simply put, what is}
}

@article{Means2009,
    title = {{Evaluation of evidence-based practices in online learning: A meta-analysis and review of online learning studies}},
    year = {2009},
    journal = {U.S. Department of of Education},
    author = {Means, Barbara and Toyama, Yukie and Murphy, Robert and Bakia, Marianne and Jones, Karla},
    pages = {94},
    url = {http://files.eric.ed.gov/fulltext/ED505824.pdf},
    isbn = {0747-5632},
    doi = {10.1016/j.chb.2005.10.002},
    issn = {07475632},
    pmid = {8569265}
}

@book{Gordon2014,
    title = {{Flexible Pedagogies: technology-enhanced learning}},
    year = {2014},
    booktitle = {Flexible Pedagogies: preparing for the future},
    author = {Gordon, Neil},
    edition = {1st},
    number = {January},
    pages = {25},
    publisher = {The Higher Education Academy},
    url = {http://www.heacademy.ac.uk/resources/detail/flexible-learning/flexiblepedagogies/tech_enhanced_learning/main_report?utm_medium=email&utm_source=The+Higher+Education+Academy&utm_campaign=4074096_140506},
    isbn = {000-0-0000000-00-0},
    doi = {10.13140/2.1.2052.5760}
}

@article{Burge2011,
    title = {{Flexible Pedagogy, Flexible Practice Notes from the Trenches of Distance Education}},
    year = {2011},
    journal = {Distance Education},
    author = {Burge, Elizabeth and Kirkpatrick, Denise and Julie, Willems and Lane, Andy},
    editor = {Elizabeth, Burge and Campbell, Chere and Terry, Gibson},
    publisher = {AU Press, Athabasca University},
    isbn = {9781926836201}
}

@article{Ibanez2014,
    title = {{Gamification for Engaging Computer Science Students in Learning Activities: A Case Study}},
    year = {2014},
    journal = {IEEE Transactions on Learning Technologies},
    author = {Ibanez, Maria-Blanca and Di-Serio, Angela and Delgado-Kloos, Carlos},
    number = {3},
    pages = {291--301},
    volume = {7},
    isbn = {1939-1382 VO - 7},
    doi = {10.1109/TLT.2014.2329293},
    issn = {1939-1382},
    keywords = {Communities, Computer languages, Education, Electronic mail, Games, Planning}
}

@article{Ibanez2014a,
    title = {{Gamification for Engaging Computer Science Students in Learning Activities: A Case Study}},
    year = {2014},
    journal = {IEEE Transactions on Learning Technologies},
    author = {Ibanez, Maria-Blanca and Di-Serio, Angela and Delgado-Kloos, Carlos},
    number = {3},
    pages = {291--301},
    volume = {7},
    url = {http://ieeexplore.ieee.org/stamp/stamp.jsp?arnumber=6827214},
    isbn = {1939-1382 VO - 7},
    doi = {10.1109/TLT.2014.2329293},
    issn = {1939-1382},
    keywords = {Communities, Computer languages, Education, Electronic mail, Games, Planning}
}

@article{Fogg2002a,
    title = {{How Do People Evaluate a Web Site’s Credibility?}},
    year = {2002},
    journal = {October},
    author = {Fogg, B J and Soohoo, Cathy and Danielson, David and Marable, Leslie and Stanford, Julianne and Tauber, Ellen R},
    pages = {105},
    volume = {15},
    url = {http://en.scientificcommons.org/42496356},
    doi = {10.1.1.125.8137}
}

@misc{Mills2017,
    title = {{HTML: A good basis for accessibility}},
    year = {2017},
    booktitle = {MDN - Learn Web Development},
    author = {Mills, Chris and Lipautz, Christoph}
}

@article{Richmond2005,
    title = {{Implementing Kolb ’ s Learning Styles into Online Distance Education}},
    year = {2005},
    journal = {International Journal of Technology in Teaching and Learning},
    author = {Richmond, Aaron S and Cummings, Rhoda},
    number = {1},
    pages = {45--54},
    volume = {1},
    url = {http://citeseerx.ist.psu.edu/viewdoc/download?doi=10.1.1.385.3226&rep=rep1&type=pdf},
    keywords = {distance education, learning styles, online}
}

@misc{Team2008,
    title = {{Is Technology-Enhanced Learning Effective ? Recent Research and Best Practices}},
    year = {2008},
    author = {Office of Technology, Evaluation Team},
    publisher = {University of Minnesota},
    url = {http://www.oit.umn.edu/prod/groups/oit/@pub/@oit/@web/@evaluationresearch/documents/article/oit_article_336064.pdf}
}

@misc{RickReis,
    title = {{Is Technology-Enhanced Learning Effective? | Tomorrow's Professor Postings}},
    booktitle = {Tomorrows-Professor eNewlsetter},
    author = {Reis, Rick},
    url = {https://tomprof.stanford.edu/posting/1177}
}

@inproceedings{Bittencourt2015,
    title = {{Learning programming with peer support, games, challenges and scratch}},
    year = {2015},
    booktitle = {Proceedings - Frontiers in Education Conference, FIE},
    author = {Bittencourt, Roberto A. and Dos Santos, David Moises B and Rodrigues, Carlos A. and Batista, Washington P. and Chalegre, Henderson S.},
    volume = {2014},
    isbn = {9781479984534},
    doi = {10.1109/FIE.2015.7344222},
    issn = {15394565},
    keywords = {Scratch, challenges, environments for novices, game-based learning, peer learning, programming}
}

@article{Wirt1989,
    title = {{National Assessment of Vocational Education}},
    year = {1989},
    journal = {Economics of Education Review},
    author = {Wirt, John G. and Muraskin, Lana and Meyer, Robert and Goodwin, David},
    pages = {383--392},
    volume = {8},
    doi = {10.1016/0272-7757(89)90024-1},
    issn = {02727757},
    keywords = {vocational, education, assessment, career, technic}
}

@misc{OWASP,
    title = {{Open Web Application Security Project Website}},
    author = {{OWASP}},
    url = {owasp.org}
}

@misc{OWASP2017,
    title = {{OWASP Top 10 2017 - RCL}},
    year = {2017},
    booktitle = {OWASP Top Ten},
    author = {{OWASP}},
    publisher = {OWASP Foundation},
    url = {https://github.com/OWASP/Top10/raw/master/2017/OWASP Top 10 - 2017 RC1-English.pdf}
}

@inproceedings{Chigona2008,
    title = {{Pair programming for information systems students new to programming: Students {\#}x2019; experiences and teachers {\#}x2019; challenges}},
    year = {2008},
    booktitle = {Management of Engineering Technology, 2008. PICMET 2008. Portland International Conference on},
    author = {Chigona, W and Pollock, M},
    pages = {1587--1594},
    url = {http://ieeexplore.ieee.org/document/4599777/},
    doi = {10.1109/PICMET.2008.4599777},
    keywords = {Africa, Cities and towns, Collaborative work, Compute}
}

@article{Yager2004,
    title = {{Participatory learning. A paradigm for building better digital and human agents}},
    year = {2004},
    journal = {Law, Probability and Risk},
    author = {Yager, Ronald R},
    pages = {133--145},
    volume = {3},
    url = {http://heinonline.org/HOL/Page?handle=hein.journals/lawprisk3&div=18&g_sent=1&collection=journals}
}

@inproceedings{Yager2004a,
    title = {{Participatory learning: A paradigm for more human like learning}},
    year = {2004},
    booktitle = {IEEE International Conference on Fuzzy Systems},
    author = {Yager, Ronald R.},
    pages = {79--84},
    volume = {1},
    isbn = {0780383532},
    doi = {10.1109/FUZZY.2004.1375693},
    issn = {10987584}
}

@misc{PHP,
    title = {{PHP:Prepared Statements}},
    booktitle = {PHP API},
    author = {{PHP}}
}

@article{Education2013,
    title = {{Physical education Programmes of Study: Key Stages 3 and 4}},
    year = {2013},
    journal = {Physical education programmes of study: key stages 3 and 4},
    author = {Education, Department of},
    number = {September 2013},
    pages = {3},
    url = {https://www.gov.uk/government/uploads/system/uploads/attachment_data/file/239086/SECONDARY_national_curriculum_-_Physical_education.pdf},
    isbn = {0161-4681},
    doi = {FE-00190-2013},
    issn = {09218890}
}

@misc{UoB,
    title = {{Postgraduate MSc Project Guidelines 2015-2016}},
    year = {2015},
    booktitle = {Project Handbook},
    author = {{University of Bristol - Department of Computer Science}},
    url = {https://www.cs.bris.ac.uk/Teaching/conversion/MScProjectGuidelines.pdf}
}

@inproceedings{Lopez-Vargas2015,
    title = {{Recommendation of OERs shared in social media based-on social networks analysis approach}},
    year = {2015},
    booktitle = {Proceedings - Frontiers in Education Conference, FIE},
    author = {Lopez-Vargas, Jorge and Piedra, Nelson and Chicaiza, Janneth and Tovar, Edmundo},
    number = {February},
    volume = {2015-Febru},
    isbn = {978-1-4799-3922-0},
    doi = {10.1109/FIE.2014.7044454},
    issn = {15394565},
    keywords = {Discovery, Metrics, OER, Recommender, SNA, Twitter, URLs}
}

@article{Thorpe2010a,
    title = {{Rethinking Learner Support: The challenge of collaborative online learning}},
    year = {2010},
    journal = {Open Learning: The Journal of Open, Distance and e-Learning},
    author = {Thorpe, Mary},
    number = {2},
    pages = {105--119},
    volume = {17},
    url = {http://www.tandfonline.com/doi/abs/10.1080/02680510220146887a},
    isbn = {02680513},
    doi = {10.1080/02680510220146887a},
    issn = {0268-0513},
    pmid = {6895281}
}

@article{Thorpe2010,
    title = {{Rethinking Learner Support: The challenge of collaborative online learning}},
    year = {2010},
    journal = {Open Learning: The Journal of Open, Distance and e-Learning},
    author = {Thorpe, Mary},
    number = {2},
    pages = {105--119},
    volume = {17},
    url = {http://www.tandfonline.com/doi/abs/10.1080/02680510220146887a},
    isbn = {02680513},
    doi = {10.1080/02680510220146887a},
    issn = {0268-0513},
    pmid = {6895281}
}

@misc{Hackelbusch2007,
    title = {{Saving Expenses With Technology Enhanced Learning}},
    year = {2007},
    author = {Hackelbusch, Richard},
    url = {http://citeseerx.ist.psu.edu/viewdoc/download?doi=10.1.1.84.6478&rep=rep1&type=pdf}
}

@article{Hiemstra2006,
    title = {{Self-Directed Learning}},
    year = {2006},
    journal = {The International Encyclopedia of Education},
    author = {Hiemstra, R.},
    number = {1994},
    pages = {1--11},
    url = {http://ccnmtl.columbia.edu/projects/pl3p/Self-Directed Learning.pdf},
    isbn = {1536-0717},
    doi = {10.1016/j.resuscitation.2011.01.003},
    issn = {1873-1570},
    pmid = {21316558},
    keywords = {adult education, sel-directed learning}
}

@misc{OShea2003,
    title = {{Self-directed learning in nurse education: A review of the literature}},
    year = {2003},
    booktitle = {Journal of Advanced Nursing},
    author = {O'Shea, Ellen},
    number = {1},
    pages = {62--70},
    volume = {43},
    isbn = {1365-2648},
    doi = {10.1046/j.1365-2648.2003.02673.x},
    issn = {03092402},
    pmid = {12801397},
    keywords = {Facilitation, Learning style preference, Nurse education, Readiness, Self-directed learning}
}

@misc{OShea2003a,
    title = {{Self-directed learning in nurse education: A review of the literature}},
    year = {2003},
    booktitle = {Journal of Advanced Nursing},
    author = {O'Shea, Ellen},
    number = {1},
    pages = {62--70},
    volume = {43},
    isbn = {1365-2648},
    doi = {10.1046/j.1365-2648.2003.02673.x},
    issn = {03092402},
    pmid = {12801397},
    keywords = {Facilitation, Learning style preference, Nurse education, Readiness, Self-directed learning}
}

@article{Cubukcuo2012,
    title = {{Social Networks as a Virtual Teaching and Learning Environment in Higher Education}},
    year = {2012},
    journal = {Information Technologies and Control},
    author = {Cubukcuo, B and Elci, A},
    number = {2009},
    pages = {23},
    url = {http://www.acad.bg/rismim/itc/sub/archiv/Paper3_4_2012.pdf},
    keywords = {Social networks, Technology Enhanced Learning, higher education, pre- service teacher education, student engagement}
}

@misc{Jaynes1963a,
    title = {{Stamp @ Ieeexplore.Ieee.Org}},
    year = {1963},
    booktitle = {Proceedings of the IEEE},
    author = {Jaynes, E.T. and Cummings, F.W.},
    number = {1},
    pages = {89 - 109},
    volume = {51},
    url = {http://ieeexplore.ieee.org/xpl/articleDetails.jsp?arnumber=1443594},
    doi = {10.1109/SSP.2012.6319793},
    issn = {0018-9448},
    keywords = {jaynes cummings}
}

@misc{Jaynes1963,
    title = {{Stamp @ Ieeexplore.Ieee.Org}},
    year = {1963},
    booktitle = {Proceedings of the IEEE},
    author = {Jaynes, E.T. and Cummings, F.W.},
    number = {1},
    pages = {89 - 109},
    volume = {51},
    url = {http://ieeexplore.ieee.org/xpl/articleDetails.jsp?arnumber=1443594},
    doi = {10.1109/SSP.2012.6319793},
    issn = {0018-9448},
    keywords = {jaynes cummings}
}

@misc{Fogg2002,
    title = {{Stanford Guidelines for Web Credibility}},
    year = {2002},
    booktitle = {A Research Summary from the Stanford Persuasive Technology Lab},
    author = {Fogg, B J},
    url = {www.webcredibility.org/guidelines}
}

@article{Harger1996,
    title = {{Teaching in a computer classroom with a hyperlinked, interactive book}},
    year = {1996},
    journal = {IEEE Transactions on Education},
    author = {Harger, Robert O.},
    number = {3},
    pages = {327--335},
    volume = {39},
    doi = {10.1109/13.538755},
    issn = {00189359}
}

@misc{UniversityofBristol,
    title = {{Technology enhanced learning and education development (TELED)}},
    author = {{University of Bristol}},
    url = {http://www.bristol.ac.uk/tel/}
}

@book{Dayfdd2011,
    title = {{The Web Application Hacker's Handbook: Finding and Exploiting Security Flaws}},
    year = {2011},
    author = {Dayfdd, Stuttard and Pinto, Marcus},
    edition = {Second Edi},
    pages = {1--16},
    publisher = {John, Wiley and Sons Inc},
    isbn = {978-1-118-0264-72}
}

@article{Estelles-Arolas2012,
    title = {{Towards an integrated crowdsourcing definition}},
    year = {2012},
    journal = {Journal of Information Science},
    author = {Estell{\'{e}}s-Arolas, Enrique and Gonz{\'{a}}lez-Ladr{\'{o}}n-de-Guevara, Fernando},
    number = {2},
    pages = {189--200},
    volume = {38},
    isbn = {0165551500000},
    doi = {10.1177/0165551512437638},
    issn = {0165-5515},
    pmid = {74193159},
    arxivId = {arXiv:1011.1669v3},
    keywords = {crowdsourcing, definition, innovation}
}

@misc{W3.CSS2016,
    title = {{W3.CSS Trends: Web Design Trends 2016}},
    year = {2016},
    booktitle = {W3Schools.com},
    author = {{W3.CSS}},
    url = {https://www.w3schools.com/w3css/w3css_trends.asp}
}

@misc{February2016a,
    title = {{WAI-ARIA Authoring Practices}},
    year = {2016},
    booktitle = {W3C Working Draft 14 December 2016},
    author = {February, W C Working Draft and Pappas, Lisa and Cooper, Michael and Schwerdtfeger, Richard},
    number = {December},
    url = {https://www.w3.org/TR/wai-aria-practices/}
}

@misc{Sukardi2016,
    title = {{WAI-ARIA basics}},
    year = {2016},
    author = {Sukardi, Dony and Bader, Josh and Mills, Chris},
    url = {https://developer.mozilla.org/en-US/docs/Learn/Accessibility/WAI-ARIA_basics#What_is_WAI-ARIA}
}

@misc{W3C,
    title = {{Web Accessibility Initiative (WAI)}},
    booktitle = {WAI: Strategies, guidelines, resources to make the Web accessible to people with disabilities},
    author = {{W3C}},
    url = {https://www.w3.org/WAI/}
}

@misc{Mills2015,
    title = {{What is accessibility ?}},
    year = {2015},
    booktitle = {MDN - Learn Web Development},
    author = {Mills, Chris and Patonnier, Jeremie and Pfeiffer, Andrew and Deschamps, Stephane},
    url = {https://developer.mozilla.org/en-US/docs/Learn/Common_questions/What_is_accessibility}
}

@misc{CreativeCommons,
    title = {{What is OER?}},
    booktitle = {The OER Project},
    author = {{Creative Commons}},
    url = {https://wiki.creativecommons.org/wiki/What_is_OER%3F}
}

@article{Fogg2001,
    title = {{What Makes Web Sites Credible ? A Report on a Large Quantitative Study CHI 2001}},
    year = {2001},
    journal = {Sigchi’01},
    author = {Fogg, B J and Marshall, Jonathan and Laraki, Othman and Osipovich, Alex and Varma, Chris and Fang, Nicholas and Paul, Jyoti and Rangnekar, Akshay and Shon, John and Swani, Preeti and Treinen, Marissa and Hall, Cordura},
    pages = {61--68},
    isbn = {1581133278},
    doi = {10.1145/365024.365037},
    issn = {1581133278},
    keywords = {although some private, companies have created proprietary, exist, given the importance of, it is remarkable that, knowledge about, so few quantitative studies, web credibility}
}

@misc{Mei,
    title = {{Why You Should Never Use MongoDB}},
    author = {Mei, Sarah},
    url = {http://www.sarahmei.com/blog/2013/11/11/why-you-should-never-use-mongodb/}
}

@misc{Blended-LearningWww.Heacademy.Ac.Uk,
    title = {{Blended-Learning @ Www.Heacademy.Ac.Uk}},
    url = {https://www.heacademy.ac.uk/enhancement/starter-tools/blended-learning}
}

@misc{Blended-LearningWww.Heacademy.Ac.Ukb,
    title = {{Blended-Learning @ Www.Heacademy.Ac.Uk}},
    url = {https://www.heacademy.ac.uk/enhancement/starter-tools/blended-learning}
}

@misc{TechFacultyinnovate.utexas.edu,
    title = {{tech @ facultyinnovate.utexas.edu}},
    url = {https://facultyinnovate.utexas.edu/teaching/tech},
    keywords = {University of Texas at Austin}
}